<?xml version="1.0" encoding="UTF-8"?><collection xmlns="http://www.loc.gov/MARC21/slim"><record><leader>00385nam--2200121-i-4500</leader><controlfield tag="001">000048585</controlfield><controlfield tag="002">20161230</controlfield><controlfield tag="005">20161230201047</controlfield><controlfield tag="008">060222s1000------------r-----000-0-eng-d</controlfield><datafield ind1=" " ind2=" " tag="245"><subfield code="a">Radiation accidents and emergencies in medicine, research and industry</subfield></datafield><datafield ind1=" " ind2=" " tag="260"><subfield code="a">Springfiled, Charles C.Thomas Publ., 1965, Xiii+328p</subfield></datafield><datafield ind1=" " ind2=" " tag="700"><subfield code="a">Lanzl,Lawrenceh.,Pingel,Johnh.,Rust,Johnh</subfield></datafield><datafield ind1=" " ind2=" " tag="852"><subfield code="a">22370</subfield></datafield></record></collection>